@article{attention,
    author={
        Ashish Vaswani and
        Noam Shazeer and
        Niki Parmar and
        Jakob Uszkoreit and
        Llion Jones and
        Aidan N. Gomez and
        Lukasz Kaiser and
        Illia Polosukhin
    },
    title={Attention Is All You Need},
    journal={CoRR},
    volume={abs/1706.03762},
    year={2017},
    doi={https://doi.org/10.48550/arXiv.1706.03762}
}

@article{gpt3,
    author={OpenAI},
    title={Language Models are Few-Shot Learners},
    journal={CoRR},
    volume={abs/2005.14165},
    year={2020},
    doi={https://doi.org/10.48550/arXiv.2005.14165}
}

@article{gpt4,
    author={OpenAI},
    title={GPT-4 Technical Report},
    year={2023},
    doi={https://doi.org/10.48550/arXiv.2303.08774}
}

@book{llms,
    author={Tong Xiao and Jingbo Zhu},
    title={Foundations of Large Language Models},
    year={2025},
    doi={https://doi.org/10.48550/arXiv.2501.09223}
}

@inproceedings{temperature,
    title={Synthetic Literature: Writing Science Fiction in a Co-Creative Process},
    author={
        Enrique Manjavacas and
        Folgert Karsdorp and
        Ben Burtenshaw and
        Mike Kestemont
    },
    booktitle={Proceedings of the Workshop on Computational Creativity in Natural Language Generation ({CC}-{NLG} 2017)},
    month=sep,
    year={2017},
    address={Santiago de Compostela, Spain},
    publisher={Association for Computational Linguistics},
    pages={29--37},
    doi={https://doi.org/10.18653/v1/W17-3904}
}

@article{cot,
    author={
        Jason Wei and
        Xuezhi Wang and
        Dale Schuurmans and
        Maarten Bosma and
        Brian Ichter and
        Fei Xia and
        Ed Chi and
        Quoc Le and
        Denny Zhou
    },
    title={Chain-of-Thought Prompting Elicits Reasoning in Large Language Models},
    journal={CoRR},
    volume={abs/2201.11903},
    year={2022},
    doi={https://doi.org/10.48550/arXiv.2201.11903}
}

@misc{bleu,
    title={BLEU: a method for automatic evaluation of machine translation},
    journal={Proceedings of the 40th Annual Meeting on Association for Computational Linguistics -- ACL â€™02},
    publisher={Association for Computational Linguistics},
    author={Kishore Papineni and Salim Roukos and Todd Ward and Wei-Jing Zhu},
    year={2001},
    pages={311},
    doi={https://doi.org/10.3115%2F1073083.1073135}
}

@inproceedings{rouge,
    title={{ROUGE}: A Package for Automatic Evaluation of Summaries},
    author={Chin-Yew Lin},
    booktitle={Text Summarization Branches Out},
    month=jul,
    year={2004},
    address={Barcelona, Spain},
    publisher={Association for Computational Linguistics},
    pages={74--81},
    url={https://aclanthology.org/W04-1013/}
}

@misc{gptscore,
    title={GPTScore: Evaluate as You Desire},
    author={Jinlan Fu and See-Kiong Ng and Zhengbao Jiang and Pengfei Liu},
    year={2023},
    eprint={2302.04166},
    archivePrefix={arXiv},
    primaryClass={cs.CL},
    doi={https://doi.org/10.48550/arXiv.2302.04166}
}

@misc{chatgptgoodeval,
    title={Is ChatGPT a Good NLG Evaluator? A Preliminary Study},
    author={
        Jiaan Wang and
        Yunlong Liang and
        Fandong Meng and
        Zengkui Sun and
        Haoxiang Shi and
        Zhixu Li and
        Jinan Xu and
        Jianfeng Qu and
        Jie Zhou
    },
    year={2023},
    eprint={2303.04048},
    archivePrefix={arXiv},
    primaryClass={cs.CL},
    doi={https://doi.org/10.48550/arXiv.2303.04048}
}

@misc{reffree,
    title={Exploring the Use of Large Language Models for Reference-Free Text Quality Evaluation: An Empirical Study},
    author={Yi Chen and Rui Wang and Haiyun Jiang and Shuming Shi and Ruifeng Xu},
    year={2023},
    eprint={2304.00723},
    archivePrefix={arXiv},
    primaryClass={cs.CL},
    doi={https://doi.org/10.48550/arXiv.2304.00723}
}

@misc{geval,
    title={G-Eval: NLG Evaluation using GPT-4 with Better Human Alignment},
    author={
        Yang Liu and
        Dan Iter and
        Yichong Xu and
        Shuohang Wang and
        Ruochen Xu and
        Chenguang Zhu
    },
    year={2023},
    eprint={2303.16634},
    archivePrefix={arXiv},
    primaryClass={cs.CL},
    doi={https://doi.org/10.48550/arXiv.2303.16634}
}

@misc{judgetaxonomy,
    title={Leveraging Large Language Models for NLG Evaluation: Advances and Challenges},
    author={
        Zhen Li and
        Xiaohan Xu and
        Tao Shen and
        Can Xu and
        Jia-Chen Gu and
        Yuxuan Lai and
        Chongyang Tao and
        Shuai Ma
    },
    year={2024},
    eprint={2401.07103},
    archivePrefix={arXiv},
    primaryClass={cs.CL},
    doi={https://doi.org/10.48550/arXiv.2401.07103}
}

@misc{juries,
    title={Replacing Judges with Juries: Evaluating LLM Generations with a Panel of Diverse Models},
    author={
        Pat Verga and
        Sebastian Hofstatter and
        Sophia Althammer and
        Yixuan Su and
        Aleksandra Piktus and
        Arkady Arkhangorodsky and
        Minjie Xu and
        Naomi White and
        Patrick Lewis
    },
    year={2024},
    eprint={2404.18796},
    archivePrefix={arXiv},
    primaryClass={cs.CL},
    doi={https://doi.org/10.48550/arXiv.2404.18796}
}

@misc{gemba,
    title={Large Language Models Are State-of-the-Art Evaluators of Translation Quality},
    author={Tom Kocmi and Christian Federmann},
    year={2023},
    eprint={2302.14520},
    archivePrefix={arXiv},
    primaryClass={cs.CL},
    doi={https://doi.org/10.48550/arXiv.2302.14520}
}

@misc{autocal,
    title={Calibrating LLM-Based Evaluator},
    author={
        Yuxuan Liu and
        Tianchi Yang and
        Shaohan Huang and
        Zihan Zhang and
        Haizhen Huang and
        Furu Wei and
        Weiwei Deng and
        Feng Sun and
        Qi Zhang
    },
    year={2023},
    eprint={2309.13308},
    archivePrefix={arXiv},
    primaryClass={cs.CL},
    doi={https://doi.org/10.48550/arXiv.2309.13308}
}

@misc{arena,
    title={Judging LLM-as-a-Judge with MT-Bench and Chatbot Arena},
    author={
        Lianmin Zheng and
        Wei-Lin Chiang and
        Ying Sheng and
        Siyuan Zhuang and
        Zhanghao Wu and
        Yonghao Zhuang and
        Zi Lin and
        Zhuohan Li and
        Dacheng Li and
        Eric P. Xing and
        Hao Zhang and
        Joseph E. Gonzalez and
        Ion Stoica
    },
    year={2023},
    eprint={2306.05685},
    archivePrefix={arXiv},
    primaryClass={cs.CL},
    doi={https://doi.org/10.48550/arXiv.2306.05685}
}
